% Encoding: UTF-8

@InProceedings{Gizopoulos2011,
  author    = {D Gizopoulos and M Psarakis and S V Adve and P Ramachandran and S K S Hari and D Sorin and A Meixner and A Biswas and X Vera},
  booktitle = {2011 Design, Automation {\&} Test in Europe},
  title     = {Architectures for online error detection and recovery in multicore processors},
  year      = {2011},
  month     = {mar},
  publisher = {{IEEE}},
  doi       = {10.1109/date.2011.5763096},
}

@Article{Chielle2016,
  author    = {Eduardo Chielle and Felipe Rosa and Gennaro S. Rodrigues and Lucas A. Tambara and Jorge Tonfat and Eduardo Macchione and Fernando Aguirre and Nemitala Added and Nilberto Medina and Vitor Aguiar and Marcilei A. G. Silveira and Luciano Ost and Ricardo Reis and Sergio Cuenca-Asensi and Fernanda L. Kastensmidt},
  journal   = {{IEEE} Transactions on Nuclear Science},
  title     = {{Reliability on {ARM} Processors Against Soft Errors Through {SIHFT} Techniques}},
  year      = {2016},
  pages     = {1--9},
  doi       = {10.1109/tns.2016.2525735},
  publisher = {Institute of Electrical and Electronics Engineers ({IEEE})},
}

@Article{Iturbe2019,
  author    = {Xabier Iturbe and Balaji Venu and Emre Ozer and Jean-Luc Poupat and Gregoire Gimenez and Hans-Ulrich Zurek},
  journal   = {{ACM} Transactions on Computer Systems},
  title     = {{The Arm Triple Core Lock-Step ({TCLS}) Processor}},
  year      = {2019},
  month     = {aug},
  number    = {3},
  pages     = {1--30},
  volume    = {36},
  doi       = {10.1145/3323917},
  publisher = {Association for Computing Machinery ({ACM})},
}

@InProceedings{Fuchs2018,
  author    = {Christian M. Fuchs and Nadia M. Murillo and Aske Plaat and Erik van der Kouwe and Peng Wang},
  booktitle = {2018 {IEEE} 27th Asian Test Symposium ({ATS})},
  title     = {{Towards Affordable Fault-Tolerant Nanosatellite Computing with Commodity Hardware}},
  year      = {2018},
  month     = {oct},
  publisher = {{IEEE}},
  doi       = {10.1109/ats.2018.00034},
}

@InProceedings{Nezzari2017,
  author    = {Y. Nezzari and C. P. Bridges},
  booktitle = {2017 {IEEE} Aerospace Conference},
  title     = {Compiler extensions towards reliable multicore processors},
  year      = {2017},
  month     = {mar},
  publisher = {{IEEE}},
  doi       = {10.1109/aero.2017.7943714},
}

@InProceedings{Athavale2019,
  author    = {Jyotika Athavale and Riccardo Mariani and Michael Paulitsch},
  booktitle = {2019 {IEEE} 25th International Symposium on On-Line Testing and Robust System Design ({IOLTS})},
  title     = {{Flight Safety Certification Implications for Complex Multi-Core Processor based Avionics Systems}},
  year      = {2019},
  month     = {jul},
  publisher = {{IEEE}},
  doi       = {10.1109/iolts.2019.8854415},
}

@InProceedings{Larrucea2015,
  author    = {Asier Larrucea and Jon Perez and Roman Obermaisser},
  booktitle = {2015 {IEEE} International Conference on Computer and Information Technology$\mathsemicolon$ Ubiquitous Computing and Communications$\mathsemicolon$ Dependable, Autonomic and Secure Computing$\mathsemicolon$ Pervasive Intelligence and Computing},
  title     = {{A Modular Safety Case for an {IEC} 61508 Compliant Generic {COTS} Processor}},
  year      = {2015},
  month     = {oct},
  publisher = {{IEEE}},
  doi       = {10.1109/cit/iucc/dasc/picom.2015.269},
}

@Article{Bolchini2013,
  author    = {Cristiana Bolchini and Matteo Carminati and Antonio Miele},
  journal   = {Journal of Electronic Testing},
  title     = {{Self-Adaptive Fault Tolerance in Multi-{/}Many-Core Systems}},
  year      = {2013},
  month     = {apr},
  number    = {2},
  pages     = {159--175},
  volume    = {29},
  doi       = {10.1007/s10836-013-5367-y},
  publisher = {Springer Science and Business Media {LLC}},
}

@InProceedings{Bijlsma2020,
  author    = {Tjerk Bijlsma and Andrii Buriachevskyi and Alessandro Frigerio and Yuting Fu and Kees Goossens and Ali Osman Ors and Pieter J. van der Perk and Andrei Terechko and Bart Vermeulen},
  booktitle = {2020 Design, Automation {\&} Test in Europe Conference {\&} Exhibition ({DATE})},
  title     = {{A Distributed Safety Mechanism using Middleware and Hypervisors for Autonomous Vehicles}},
  year      = {2020},
  month     = {mar},
  publisher = {{IEEE}},
  doi       = {10.23919/date48585.2020.9116268},
}

@InProceedings{Han2017,
  author    = {Jinho Han and Youngsu Kwon and Yong Cheol Peter Cho and Hoi-Jun Yoo},
  booktitle = {2017 {IEEE} Asian Solid-State Circuits Conference (A-{SSCC})},
  title     = {{A 1GHz fault tolerant processor with dynamic lockstep and self-recovering cache for {ADAS} {SoC} complying with {ISO}26262 in automotive electronics}},
  year      = {2017},
  month     = {nov},
  publisher = {{IEEE}},
  doi       = {10.1109/asscc.2017.8240279},
}

@Book{Koren2020,
  author    = {Israel Koren and C. Mani Krishna},
  publisher = {Elsevier},
  title     = {{Fault-Tolerant Systems}},
  year      = {2020},
  doi       = {10.1016/c2018-0-02160-x},
}

@Article{Sorin2009,
  author    = {Daniel J. Sorin},
  journal   = {Synthesis Lectures on Computer Architecture},
  title     = {{Fault Tolerant Computer Architecture}},
  year      = {2009},
  month     = {jan},
  number    = {1},
  pages     = {1--104},
  volume    = {4},
  doi       = {10.2200/s00192ed1v01y200904cac005},
  publisher = {Morgan {\&} Claypool Publishers {LLC}},
}

@Misc{Rupp2020,
  author = {Karl Rupp},
  title  = {Microprocessor Trend Data},
  year   = {2020},
  url    = {https://github.com/karlrupp/microprocessor-trend-data},
}

@InProceedings{Yeh1996,
  author    = {Y. C. {Yeh}},
  booktitle = {1996 IEEE Aerospace Applications Conference. Proceedings},
  title     = {Triple-triple redundant 777 primary flight computer},
  year      = {1996},
  pages     = {293-307 vol.1},
  volume    = {1},
  doi       = {10.1109/AERO.1996.495891},
}

@InProceedings{Villalpando2011,
  author    = {Carlos Villalpando and David Rennels and Raphael Some and Manuel Cabanas-Holmen},
  booktitle = {2011 Aerospace Conference},
  title     = {Reliable multicore processors for {NASA} space missions},
  year      = {2011},
  month     = {mar},
  publisher = {{IEEE}},
  doi       = {10.1109/aero.2011.5747447},
}

@InProceedings{Matsubara2021,
  author    = {Katsushige Matsubara and Lieske Hanno and Motoki Kimura and Atsushi Nakamura and Manabu Koike and Kazuaki Terashima and Shun Morikawa and Yoshihiko Hotta and Takahiro Irita and Seiji Mochizuki and Hiroyuki Hamasaki and Tatsuya Kamei},
  booktitle = {2021 {IEEE} International Solid- State Circuits Conference ({ISSCC})},
  title     = {{4.2 A 12nm Autonomous-Driving Processor with 60.4TOPS, 13.8TOPS/W {CNN} Executed by Task-Separated {ASIL} D Control}},
  year      = {2021},
  month     = {feb},
  publisher = {{IEEE}},
  doi       = {10.1109/isscc42613.2021.9365745},
}

@Article{Cudmore2019,
  author  = {Cudmore, Alan},
  journal = {2018 Flight Software Workshop},
  title   = {High-Performance Spaceflight Computing ({HPSC}) Middleware Overview},
  year    = {2018},
  url     = {https://ntrs.nasa.gov/citations/20190001377},
}

@InProceedings{Hernandez2020,
  author    = {Carles Hernandez and Jose Flieh and Roberto Paredes and Charles-Alexis Lefebvre and Imanol Allende and Jaume Abella and David Trillin and Martin Matschnig and Bernhard Fischer and Konrad Schwarz and Jan Kiszka and Martin Ronnback and Johan Klockars and Nicholas McGuire and Franz Rammerstorfer and Christian Schwarzl and Franck Wartet and Dierk Ludemann and Mikel Labayen},
  booktitle = {2020 23rd Euromicro Conference on Digital System Design ({DSD})},
  title     = {{SELENE}: Self-Monitored Dependable Platform for High-Performance Safety-Critical Systems},
  year      = {2020},
  month     = {aug},
  publisher = {{IEEE}},
  doi       = {10.1109/dsd51259.2020.00066},
}

@InProceedings{Mukherjeea2002,
  author    = {S.S. Mukherjee and M. Kontz and S.K. Reinhardt},
  booktitle = {Proceedings 29th Annual International Symposium on Computer Architecture},
  title     = {Detailed design and evaluation of redundant multi-threading alternatives},
  year      = {2002},
  publisher = {{IEEE} Comput. Soc},
  doi       = {10.1109/isca.2002.1003566},
}

@Article{Poledna2000,
  author    = {S. Poledna and A. Burns and A. Wellings and P. Barrett},
  journal   = {{IEEE} Transactions on Computers},
  title     = {Replica determinism and flexible scheduling in hard real-time dependable systems},
  year      = {2000},
  number    = {2},
  pages     = {100--111},
  volume    = {49},
  doi       = {10.1109/12.833107},
  publisher = {Institute of Electrical and Electronics Engineers ({IEEE})},
}

@InProceedings{Mehmed2020,
  author    = {Ayhan Mehmed and Moritz Antlanger and Wilfried Steiner},
  booktitle = {2020 50th Annual {IEEE}-{IFIP} International Conference on Dependable Systems and Networks-Supplemental Volume ({DSN}-S)},
  title     = {{The Monitor as Key Architecture Element for Safe Self-Driving Cars}},
  year      = {2020},
  month     = {jun},
  publisher = {{IEEE}},
  doi       = {10.1109/dsn-s50200.2020.00015},
}

@InProceedings{Walters2011,
  author    = {John Paul Walters and Robert Kost and Karandeep Singh and Jinwoo Suh and Stephen P. Crago},
  booktitle = {2011 Aerospace Conference},
  title     = {{Software-based fault tolerance for the Maestro many-core processor}},
  year      = {2011},
  month     = {mar},
  publisher = {{IEEE}},
  doi       = {10.1109/aero.2011.5747448},
}

@Article{Oh2002,
  author    = {N. Oh and P.P. Shirvani and E.J. McCluskey},
  journal   = {{IEEE} Transactions on Reliability},
  title     = {Error detection by duplicated instructions in super-scalar processors},
  year      = {2002},
  month     = {mar},
  number    = {1},
  pages     = {63--75},
  volume    = {51},
  doi       = {10.1109/24.994913},
  publisher = {Institute of Electrical and Electronics Engineers ({IEEE})},
}

@Comment{jabref-meta: databaseType:bibtex}
